%YAML 1.1
%TAG !u! tag:unity3d.com,2011:
--- !u!1 &146575144106362732
GameObject:
  m_ObjectHideFlags: 0
  m_CorrespondingSourceObject: {fileID: 0}
  m_PrefabInstance: {fileID: 0}
  m_PrefabAsset: {fileID: 0}
  serializedVersion: 6
  m_Component:
  - component: {fileID: 146575144106362643}
  m_Layer: 9
  m_Name: EmitterHolderShoot
  m_TagString: LB_EmitterHolder
  m_Icon: {fileID: 0}
  m_NavMeshLayer: 0
  m_StaticEditorFlags: 0
  m_IsActive: 1
--- !u!4 &146575144106362643
Transform:
  m_ObjectHideFlags: 0
  m_CorrespondingSourceObject: {fileID: 0}
  m_PrefabInstance: {fileID: 0}
  m_PrefabAsset: {fileID: 0}
  m_GameObject: {fileID: 146575144106362732}
  m_LocalRotation: {x: 0, y: 0, z: 0, w: 1}
  m_LocalPosition: {x: 0.382, y: 2.836, z: 3.461}
  m_LocalScale: {x: 1, y: 1, z: 1}
  m_Children:
  - {fileID: 146575144122202460}
  - {fileID: 146575143615808710}
  - {fileID: 4397747082809644658}
  - {fileID: 4397747081563295367}
  m_Father: {fileID: 0}
  m_RootOrder: 0
  m_LocalEulerAnglesHint: {x: 0, y: 0, z: 0}
--- !u!1 &4397747081563295366
GameObject:
  m_ObjectHideFlags: 0
  m_CorrespondingSourceObject: {fileID: 0}
  m_PrefabInstance: {fileID: 0}
  m_PrefabAsset: {fileID: 0}
  serializedVersion: 6
  m_Component:
  - component: {fileID: 4397747081563295367}
  m_Layer: 9
  m_Name: EmitterHolderTernado
  m_TagString: Untagged
  m_Icon: {fileID: 0}
  m_NavMeshLayer: 0
  m_StaticEditorFlags: 0
  m_IsActive: 1
--- !u!4 &4397747081563295367
Transform:
  m_ObjectHideFlags: 0
  m_CorrespondingSourceObject: {fileID: 0}
  m_PrefabInstance: {fileID: 0}
  m_PrefabAsset: {fileID: 0}
  m_GameObject: {fileID: 4397747081563295366}
  m_LocalRotation: {x: 0, y: 0, z: 0, w: 1}
  m_LocalPosition: {x: 0, y: 0, z: 0}
  m_LocalScale: {x: 1, y: 1, z: 1}
  m_Children:
  - {fileID: 4397747081807094515}
  - {fileID: 4397747082729278320}
  - {fileID: 4397747082070481318}
  m_Father: {fileID: 146575144106362643}
  m_RootOrder: 3
  m_LocalEulerAnglesHint: {x: 0, y: 0, z: 0}
--- !u!1 &4397747081807094514
GameObject:
  m_ObjectHideFlags: 0
  m_CorrespondingSourceObject: {fileID: 0}
  m_PrefabInstance: {fileID: 0}
  m_PrefabAsset: {fileID: 0}
  serializedVersion: 6
  m_Component:
  - component: {fileID: 4397747081807094515}
  m_Layer: 9
  m_Name: GameObject
  m_TagString: TernadoEmitter
  m_Icon: {fileID: 0}
  m_NavMeshLayer: 0
  m_StaticEditorFlags: 0
  m_IsActive: 1
--- !u!4 &4397747081807094515
Transform:
  m_ObjectHideFlags: 0
  m_CorrespondingSourceObject: {fileID: 0}
  m_PrefabInstance: {fileID: 0}
  m_PrefabAsset: {fileID: 0}
  m_GameObject: {fileID: 4397747081807094514}
  m_LocalRotation: {x: 0, y: -0.258819, z: 0, w: 0.9659259}
  m_LocalPosition: {x: 0, y: 0, z: 0}
  m_LocalScale: {x: 1, y: 1, z: 1}
  m_Children: []
  m_Father: {fileID: 4397747081563295367}
  m_RootOrder: 0
  m_LocalEulerAnglesHint: {x: 0, y: -30, z: 0}
--- !u!1 &4397747082070481313
GameObject:
  m_ObjectHideFlags: 0
  m_CorrespondingSourceObject: {fileID: 0}
  m_PrefabInstance: {fileID: 0}
  m_PrefabAsset: {fileID: 0}
  serializedVersion: 6
  m_Component:
  - component: {fileID: 4397747082070481318}
  m_Layer: 9
  m_Name: GameObject (2)
  m_TagString: TernadoEmitter
  m_Icon: {fileID: 0}
  m_NavMeshLayer: 0
  m_StaticEditorFlags: 0
  m_IsActive: 1
--- !u!4 &4397747082070481318
Transform:
  m_ObjectHideFlags: 0
  m_CorrespondingSourceObject: {fileID: 0}
  m_PrefabInstance: {fileID: 0}
  m_PrefabAsset: {fileID: 0}
  m_GameObject: {fileID: 4397747082070481313}
  m_LocalRotation: {x: 0, y: 0.2588191, z: 0, w: 0.9659258}
  m_LocalPosition: {x: 0, y: 0, z: 0}
  m_LocalScale: {x: 1, y: 1, z: 1}
  m_Children: []
  m_Father: {fileID: 4397747081563295367}
  m_RootOrder: 2
  m_LocalEulerAnglesHint: {x: 0, y: 30, z: 0}
--- !u!1 &4397747082729278323
GameObject:
  m_ObjectHideFlags: 0
  m_CorrespondingSourceObject: {fileID: 0}
  m_PrefabInstance: {fileID: 0}
  m_PrefabAsset: {fileID: 0}
  serializedVersion: 6
  m_Component:
  - component: {fileID: 4397747082729278320}
  m_Layer: 9
  m_Name: GameObject (1)
  m_TagString: TernadoEmitter
  m_Icon: {fileID: 0}
  m_NavMeshLayer: 0
  m_StaticEditorFlags: 0
  m_IsActive: 1
--- !u!4 &4397747082729278320
Transform:
  m_ObjectHideFlags: 0
  m_CorrespondingSourceObject: {fileID: 0}
  m_PrefabInstance: {fileID: 0}
  m_PrefabAsset: {fileID: 0}
  m_GameObject: {fileID: 4397747082729278323}
  m_LocalRotation: {x: 0, y: 0, z: 0, w: 1}
  m_LocalPosition: {x: 0, y: 0, z: 0}
  m_LocalScale: {x: 1, y: 1, z: 1}
  m_Children: []
  m_Father: {fileID: 4397747081563295367}
  m_RootOrder: 1
  m_LocalEulerAnglesHint: {x: 0, y: 0, z: 0}
--- !u!1001 &395021294335420854
PrefabInstance:
  m_ObjectHideFlags: 0
  serializedVersion: 2
  m_Modification:
    m_TransformParent: {fileID: 146575144106362643}
    m_Modifications:
    - target: {fileID: 4070280367707455035, guid: 21d24cd7556c41c44883c6162a664c4a,
        type: 3}
      propertyPath: m_Name
      value: EmitterHolderShootBigBall2
      objectReference: {fileID: 0}
    - target: {fileID: 4070280367707455428, guid: 21d24cd7556c41c44883c6162a664c4a,
        type: 3}
      propertyPath: m_LocalPosition.x
      value: 0
      objectReference: {fileID: 0}
    - target: {fileID: 4070280367707455428, guid: 21d24cd7556c41c44883c6162a664c4a,
        type: 3}
      propertyPath: m_LocalPosition.y
      value: 0
      objectReference: {fileID: 0}
    - target: {fileID: 4070280367707455428, guid: 21d24cd7556c41c44883c6162a664c4a,
        type: 3}
      propertyPath: m_LocalPosition.z
      value: 0
      objectReference: {fileID: 0}
    - target: {fileID: 4070280367707455428, guid: 21d24cd7556c41c44883c6162a664c4a,
        type: 3}
      propertyPath: m_LocalRotation.x
      value: 0
      objectReference: {fileID: 0}
    - target: {fileID: 4070280367707455428, guid: 21d24cd7556c41c44883c6162a664c4a,
        type: 3}
      propertyPath: m_LocalRotation.y
      value: 0
      objectReference: {fileID: 0}
    - target: {fileID: 4070280367707455428, guid: 21d24cd7556c41c44883c6162a664c4a,
        type: 3}
      propertyPath: m_LocalRotation.z
      value: 0
      objectReference: {fileID: 0}
    - target: {fileID: 4070280367707455428, guid: 21d24cd7556c41c44883c6162a664c4a,
        type: 3}
      propertyPath: m_LocalRotation.w
      value: 1
      objectReference: {fileID: 0}
    - target: {fileID: 4070280367707455428, guid: 21d24cd7556c41c44883c6162a664c4a,
        type: 3}
      propertyPath: m_RootOrder
      value: 2
      objectReference: {fileID: 0}
    - target: {fileID: 4070280367707455428, guid: 21d24cd7556c41c44883c6162a664c4a,
        type: 3}
      propertyPath: m_LocalEulerAnglesHint.x
      value: 0
      objectReference: {fileID: 0}
    - target: {fileID: 4070280367707455428, guid: 21d24cd7556c41c44883c6162a664c4a,
        type: 3}
      propertyPath: m_LocalEulerAnglesHint.y
      value: 0
      objectReference: {fileID: 0}
    - target: {fileID: 4070280367707455428, guid: 21d24cd7556c41c44883c6162a664c4a,
        type: 3}
      propertyPath: m_LocalEulerAnglesHint.z
      value: 0
      objectReference: {fileID: 0}
    - target: {fileID: 4070280367301335615, guid: 21d24cd7556c41c44883c6162a664c4a,
        type: 3}
      propertyPath: m_LocalRotation.x
      value: -0.043246232
      objectReference: {fileID: 0}
    - target: {fileID: 4070280367301335615, guid: 21d24cd7556c41c44883c6162a664c4a,
        type: 3}
      propertyPath: m_LocalRotation.y
      value: 0.13040192
      objectReference: {fileID: 0}
    - target: {fileID: 4070280367301335615, guid: 21d24cd7556c41c44883c6162a664c4a,
        type: 3}
      propertyPath: m_LocalRotation.z
      value: 0.005693473
      objectReference: {fileID: 0}
    - target: {fileID: 4070280367301335615, guid: 21d24cd7556c41c44883c6162a664c4a,
        type: 3}
      propertyPath: m_LocalRotation.w
      value: 0.9905012
      objectReference: {fileID: 0}
    - target: {fileID: 4070280367301335615, guid: 21d24cd7556c41c44883c6162a664c4a,
        type: 3}
      propertyPath: m_LocalEulerAnglesHint.x
      value: -5
      objectReference: {fileID: 0}
    - target: {fileID: 4070280368217541431, guid: 21d24cd7556c41c44883c6162a664c4a,
        type: 3}
      propertyPath: m_LocalRotation.x
      value: 0.043619405
      objectReference: {fileID: 0}
    - target: {fileID: 4070280368217541431, guid: 21d24cd7556c41c44883c6162a664c4a,
        type: 3}
      propertyPath: m_LocalRotation.w
      value: 0.9990483
      objectReference: {fileID: 0}
    - target: {fileID: 4070280368217541431, guid: 21d24cd7556c41c44883c6162a664c4a,
        type: 3}
      propertyPath: m_LocalEulerAnglesHint.x
      value: 5
      objectReference: {fileID: 0}
    - target: {fileID: 4070280368217541431, guid: 21d24cd7556c41c44883c6162a664c4a,
        type: 3}
      propertyPath: m_LocalRotation.y
      value: 0
      objectReference: {fileID: 0}
    - target: {fileID: 4070280368217541431, guid: 21d24cd7556c41c44883c6162a664c4a,
        type: 3}
      propertyPath: m_LocalRotation.z
      value: 0
      objectReference: {fileID: 0}
    - target: {fileID: 4070280366215180875, guid: 21d24cd7556c41c44883c6162a664c4a,
        type: 3}
      propertyPath: m_LocalRotation.x
      value: -0.043246232
      objectReference: {fileID: 0}
    - target: {fileID: 4070280366215180875, guid: 21d24cd7556c41c44883c6162a664c4a,
        type: 3}
      propertyPath: m_LocalRotation.y
      value: -0.13040201
      objectReference: {fileID: 0}
    - target: {fileID: 4070280366215180875, guid: 21d24cd7556c41c44883c6162a664c4a,
        type: 3}
      propertyPath: m_LocalRotation.z
      value: -0.0056934766
      objectReference: {fileID: 0}
    - target: {fileID: 4070280366215180875, guid: 21d24cd7556c41c44883c6162a664c4a,
        type: 3}
      propertyPath: m_LocalRotation.w
      value: 0.9905012
      objectReference: {fileID: 0}
    - target: {fileID: 4070280366215180875, guid: 21d24cd7556c41c44883c6162a664c4a,
        type: 3}
      propertyPath: m_LocalEulerAnglesHint.x
      value: -5
      objectReference: {fileID: 0}
    m_RemovedComponents:
    - {fileID: 4070280366215180885, guid: 21d24cd7556c41c44883c6162a664c4a, type: 3}
    - {fileID: 4070280368217541425, guid: 21d24cd7556c41c44883c6162a664c4a, type: 3}
    - {fileID: 4070280367301335609, guid: 21d24cd7556c41c44883c6162a664c4a, type: 3}
  m_SourcePrefab: {fileID: 100100000, guid: 21d24cd7556c41c44883c6162a664c4a, type: 3}
--- !u!4 &4397747082809644658 stripped
Transform:
  m_CorrespondingSourceObject: {fileID: 4070280367707455428, guid: 21d24cd7556c41c44883c6162a664c4a,
    type: 3}
  m_PrefabInstance: {fileID: 395021294335420854}
  m_PrefabAsset: {fileID: 0}
--- !u!1001 &549684999465713183
PrefabInstance:
  m_ObjectHideFlags: 0
  serializedVersion: 2
  m_Modification:
    m_TransformParent: {fileID: 146575144106362643}
    m_Modifications:
    - target: {fileID: 407684382570904280, guid: 9397576c7f9a77840807007260f9116e,
        type: 3}
      propertyPath: m_Name
      value: EmitterHolderBigBall
      objectReference: {fileID: 0}
    - target: {fileID: 407684382570904281, guid: 9397576c7f9a77840807007260f9116e,
        type: 3}
      propertyPath: m_LocalPosition.x
      value: 0.000014901161
      objectReference: {fileID: 0}
    - target: {fileID: 407684382570904281, guid: 9397576c7f9a77840807007260f9116e,
        type: 3}
      propertyPath: m_LocalPosition.y
      value: 0
      objectReference: {fileID: 0}
    - target: {fileID: 407684382570904281, guid: 9397576c7f9a77840807007260f9116e,
        type: 3}
      propertyPath: m_LocalPosition.z
      value: 0.00004839897
      objectReference: {fileID: 0}
    - target: {fileID: 407684382570904281, guid: 9397576c7f9a77840807007260f9116e,
        type: 3}
      propertyPath: m_LocalRotation.x
      value: -0
      objectReference: {fileID: 0}
    - target: {fileID: 407684382570904281, guid: 9397576c7f9a77840807007260f9116e,
        type: 3}
      propertyPath: m_LocalRotation.y
      value: -0
      objectReference: {fileID: 0}
    - target: {fileID: 407684382570904281, guid: 9397576c7f9a77840807007260f9116e,
        type: 3}
      propertyPath: m_LocalRotation.z
      value: -0
      objectReference: {fileID: 0}
    - target: {fileID: 407684382570904281, guid: 9397576c7f9a77840807007260f9116e,
        type: 3}
      propertyPath: m_LocalRotation.w
      value: 1
      objectReference: {fileID: 0}
    - target: {fileID: 407684382570904281, guid: 9397576c7f9a77840807007260f9116e,
        type: 3}
      propertyPath: m_RootOrder
      value: 1
      objectReference: {fileID: 0}
    - target: {fileID: 407684382570904281, guid: 9397576c7f9a77840807007260f9116e,
        type: 3}
      propertyPath: m_LocalEulerAnglesHint.x
      value: 0
      objectReference: {fileID: 0}
    - target: {fileID: 407684382570904281, guid: 9397576c7f9a77840807007260f9116e,
        type: 3}
      propertyPath: m_LocalEulerAnglesHint.y
      value: 0
      objectReference: {fileID: 0}
    - target: {fileID: 407684382570904281, guid: 9397576c7f9a77840807007260f9116e,
        type: 3}
      propertyPath: m_LocalEulerAnglesHint.z
      value: 0
      objectReference: {fileID: 0}
    m_RemovedComponents:
    - {fileID: 407684383111544765, guid: 9397576c7f9a77840807007260f9116e, type: 3}
  m_SourcePrefab: {fileID: 100100000, guid: 9397576c7f9a77840807007260f9116e, type: 3}
--- !u!4 &146575143615808710 stripped
Transform:
  m_CorrespondingSourceObject: {fileID: 407684382570904281, guid: 9397576c7f9a77840807007260f9116e,
    type: 3}
  m_PrefabInstance: {fileID: 549684999465713183}
  m_PrefabAsset: {fileID: 0}
--- !u!1001 &3375980935063948425
PrefabInstance:
  m_ObjectHideFlags: 0
  serializedVersion: 2
  m_Modification:
    m_TransformParent: {fileID: 146575144106362643}
    m_Modifications:
    - target: {fileID: 3229460913760531924, guid: 461d81d2f9d7fd34cb99b71428271c5a,
        type: 3}
      propertyPath: m_Name
      value: EmitterHolderCircle
      objectReference: {fileID: 0}
    - target: {fileID: 3229460913760531925, guid: 461d81d2f9d7fd34cb99b71428271c5a,
        type: 3}
      propertyPath: m_LocalPosition.x
      value: 0
      objectReference: {fileID: 0}
    - target: {fileID: 3229460913760531925, guid: 461d81d2f9d7fd34cb99b71428271c5a,
        type: 3}
      propertyPath: m_LocalPosition.y
      value: 0
      objectReference: {fileID: 0}
    - target: {fileID: 3229460913760531925, guid: 461d81d2f9d7fd34cb99b71428271c5a,
        type: 3}
      propertyPath: m_LocalPosition.z
      value: 0
      objectReference: {fileID: 0}
    - target: {fileID: 3229460913760531925, guid: 461d81d2f9d7fd34cb99b71428271c5a,
        type: 3}
      propertyPath: m_LocalRotation.x
      value: -0
      objectReference: {fileID: 0}
    - target: {fileID: 3229460913760531925, guid: 461d81d2f9d7fd34cb99b71428271c5a,
        type: 3}
      propertyPath: m_LocalRotation.y
      value: -0
      objectReference: {fileID: 0}
    - target: {fileID: 3229460913760531925, guid: 461d81d2f9d7fd34cb99b71428271c5a,
        type: 3}
      propertyPath: m_LocalRotation.z
      value: -0
      objectReference: {fileID: 0}
    - target: {fileID: 3229460913760531925, guid: 461d81d2f9d7fd34cb99b71428271c5a,
        type: 3}
      propertyPath: m_LocalRotation.w
      value: 1
      objectReference: {fileID: 0}
    - target: {fileID: 3229460913760531925, guid: 461d81d2f9d7fd34cb99b71428271c5a,
        type: 3}
      propertyPath: m_RootOrder
      value: 0
      objectReference: {fileID: 0}
    - target: {fileID: 3229460913760531925, guid: 461d81d2f9d7fd34cb99b71428271c5a,
        type: 3}
      propertyPath: m_LocalEulerAnglesHint.x
      value: 0
      objectReference: {fileID: 0}
    - target: {fileID: 3229460913760531925, guid: 461d81d2f9d7fd34cb99b71428271c5a,
        type: 3}
      propertyPath: m_LocalEulerAnglesHint.y
      value: 0
      objectReference: {fileID: 0}
    - target: {fileID: 3229460913760531925, guid: 461d81d2f9d7fd34cb99b71428271c5a,
        type: 3}
      propertyPath: m_LocalEulerAnglesHint.z
      value: 0
      objectReference: {fileID: 0}
    - target: {fileID: 3229460913375822438, guid: 461d81d2f9d7fd34cb99b71428271c5a,
        type: 3}
      propertyPath: m_LocalScale.y
      value: 0.1
      objectReference: {fileID: 0}
    - target: {fileID: 3229460913175165851, guid: 461d81d2f9d7fd34cb99b71428271c5a,
        type: 3}
      propertyPath: m_LocalScale.y
      value: 0.1
      objectReference: {fileID: 0}
    - target: {fileID: 3229460914521457777, guid: 461d81d2f9d7fd34cb99b71428271c5a,
        type: 3}
      propertyPath: m_LocalScale.y
      value: 0.1
      objectReference: {fileID: 0}
    - target: {fileID: 3229460913860612528, guid: 461d81d2f9d7fd34cb99b71428271c5a,
        type: 3}
      propertyPath: m_LocalScale.y
      value: 0.1
      objectReference: {fileID: 0}
    - target: {fileID: 3229460913894908770, guid: 461d81d2f9d7fd34cb99b71428271c5a,
        type: 3}
      propertyPath: m_LocalScale.y
      value: 0.1
      objectReference: {fileID: 0}
    - target: {fileID: 3229460913278505548, guid: 461d81d2f9d7fd34cb99b71428271c5a,
        type: 3}
      propertyPath: m_LocalScale.y
      value: 0.1
      objectReference: {fileID: 0}
    - target: {fileID: 3229460913219079461, guid: 461d81d2f9d7fd34cb99b71428271c5a,
        type: 3}
      propertyPath: m_LocalScale.y
      value: 0.1
      objectReference: {fileID: 0}
    - target: {fileID: 3229460914941458132, guid: 461d81d2f9d7fd34cb99b71428271c5a,
        type: 3}
      propertyPath: m_LocalScale.y
      value: 0.1
      objectReference: {fileID: 0}
    - target: {fileID: 3229460914619738026, guid: 461d81d2f9d7fd34cb99b71428271c5a,
        type: 3}
      propertyPath: m_LocalScale.y
      value: 0.1
      objectReference: {fileID: 0}
    - target: {fileID: 3229460913144197644, guid: 461d81d2f9d7fd34cb99b71428271c5a,
        type: 3}
      propertyPath: m_LocalScale.y
      value: 0.1
      objectReference: {fileID: 0}
    - target: {fileID: 3229460912942616707, guid: 461d81d2f9d7fd34cb99b71428271c5a,
        type: 3}
      propertyPath: m_LocalScale.y
      value: 0.1
      objectReference: {fileID: 0}
    - target: {fileID: 3229460914529023036, guid: 461d81d2f9d7fd34cb99b71428271c5a,
        type: 3}
      propertyPath: m_LocalScale.y
      value: 0.1
      objectReference: {fileID: 0}
    m_RemovedComponents:
    - {fileID: 3229460914498906007, guid: 461d81d2f9d7fd34cb99b71428271c5a, type: 3}
    - {fileID: 3229460914722491798, guid: 461d81d2f9d7fd34cb99b71428271c5a, type: 3}
  m_SourcePrefab: {fileID: 100100000, guid: 461d81d2f9d7fd34cb99b71428271c5a, type: 3}
--- !u!4 &146575144122202460 stripped
Transform:
  m_CorrespondingSourceObject: {fileID: 3229460913760531925, guid: 461d81d2f9d7fd34cb99b71428271c5a,
    type: 3}
  m_PrefabInstance: {fileID: 3375980935063948425}
  m_PrefabAsset: {fileID: 0}
