%YAML 1.1
%TAG !u! tag:unity3d.com,2011:
--- !u!1 &3986767595248600065
GameObject:
  m_ObjectHideFlags: 0
  m_CorrespondingSourceObject: {fileID: 0}
  m_PrefabInstance: {fileID: 0}
  m_PrefabAsset: {fileID: 0}
  serializedVersion: 6
  m_Component:
  - component: {fileID: 3986767595248506913}
  m_Layer: 0
  m_Name: Left_Middle_Finger_Joint_01c
  m_TagString: Untagged
  m_Icon: {fileID: 0}
  m_NavMeshLayer: 0
  m_StaticEditorFlags: 0
  m_IsActive: 1
--- !u!4 &3986767595248506913
Transform:
  m_ObjectHideFlags: 0
  m_CorrespondingSourceObject: {fileID: 0}
  m_PrefabInstance: {fileID: 0}
  m_PrefabAsset: {fileID: 0}
  m_GameObject: {fileID: 3986767595248600065}
  m_LocalRotation: {x: -0.010956354, y: -0.00023076385, z: -0.021056168, w: 0.99971825}
  m_LocalPosition: {x: -0.024933377, y: 1.4801235e-16, z: -4.9960034e-18}
  m_LocalScale: {x: 1, y: 1, z: 1}
  m_Children: []
  m_Father: {fileID: 3986767595248506919}
  m_RootOrder: 0
  m_LocalEulerAnglesHint: {x: 0, y: 0, z: 0}
--- !u!1 &3986767595248600067
GameObject:
  m_ObjectHideFlags: 0
  m_CorrespondingSourceObject: {fileID: 0}
  m_PrefabInstance: {fileID: 0}
  m_PrefabAsset: {fileID: 0}
  serializedVersion: 6
  m_Component:
  - component: {fileID: 3986767595248506915}
  m_Layer: 0
  m_Name: Left_Pinky_Finger_Joint_01a
  m_TagString: Untagged
  m_Icon: {fileID: 0}
  m_NavMeshLayer: 0
  m_StaticEditorFlags: 0
  m_IsActive: 1
--- !u!4 &3986767595248506915
Transform:
  m_ObjectHideFlags: 0
  m_CorrespondingSourceObject: {fileID: 0}
  m_PrefabInstance: {fileID: 0}
  m_PrefabAsset: {fileID: 0}
  m_GameObject: {fileID: 3986767595248600067}
  m_LocalRotation: {x: 0.0103124, y: -0.00016005653, z: 0.01551809, w: 0.9998264}
  m_LocalPosition: {x: -0.07212005, y: 0.012475326, z: -0.03323619}
  m_LocalScale: {x: 1, y: 1, z: 1}
  m_Children:
  - {fileID: 3986767595248506925}
  m_Father: {fileID: 3986767595248506907}
  m_RootOrder: 2
  m_LocalEulerAnglesHint: {x: 0, y: 0, z: 0}
--- !u!1 &3986767595248600069
GameObject:
  m_ObjectHideFlags: 0
  m_CorrespondingSourceObject: {fileID: 0}
  m_PrefabInstance: {fileID: 0}
  m_PrefabAsset: {fileID: 0}
  serializedVersion: 6
  m_Component:
  - component: {fileID: 3986767595248506917}
  m_Layer: 0
  m_Name: Left_Middle_Finger_Joint_01a
  m_TagString: Untagged
  m_Icon: {fileID: 0}
  m_NavMeshLayer: 0
  m_StaticEditorFlags: 0
  m_IsActive: 1
--- !u!4 &3986767595248506917
Transform:
  m_ObjectHideFlags: 0
  m_CorrespondingSourceObject: {fileID: 0}
  m_PrefabInstance: {fileID: 0}
  m_PrefabAsset: {fileID: 0}
  m_GameObject: {fileID: 3986767595248600069}
  m_LocalRotation: {x: 0.010313046, y: -0.00011086465, z: 0.0107487505, w: 0.9998891}
  m_LocalPosition: {x: -0.071809866, y: 0.012475326, z: 0.005054819}
  m_LocalScale: {x: 1, y: 1, z: 1}
  m_Children:
  - {fileID: 3986767595248506919}
  m_Father: {fileID: 3986767595248506907}
  m_RootOrder: 1
  m_LocalEulerAnglesHint: {x: 0, y: 0, z: 0}
--- !u!1 &3986767595248600071
GameObject:
  m_ObjectHideFlags: 0
  m_CorrespondingSourceObject: {fileID: 0}
  m_PrefabInstance: {fileID: 0}
  m_PrefabAsset: {fileID: 0}
  serializedVersion: 6
  m_Component:
  - component: {fileID: 3986767595248506919}
  m_Layer: 0
  m_Name: Left_Middle_Finger_Joint_01b
  m_TagString: Untagged
  m_Icon: {fileID: 0}
  m_NavMeshLayer: 0
  m_StaticEditorFlags: 0
  m_IsActive: 1
--- !u!4 &3986767595248506919
Transform:
  m_ObjectHideFlags: 0
  m_CorrespondingSourceObject: {fileID: 0}
  m_PrefabInstance: {fileID: 0}
  m_PrefabAsset: {fileID: 0}
  m_GameObject: {fileID: 3986767595248600071}
  m_LocalRotation: {x: 0.0006498135, y: 0.00044095775, z: 0.010304517, w: 0.9999466}
  m_LocalPosition: {x: -0.044052828, y: 2.220446e-18, z: 1.3147821e-18}
  m_LocalScale: {x: 1, y: 1, z: 1}
  m_Children:
  - {fileID: 3986767595248506913}
  m_Father: {fileID: 3986767595248506917}
  m_RootOrder: 0
  m_LocalEulerAnglesHint: {x: 0, y: 0, z: 0}
--- !u!1 &3986767595248600073
GameObject:
  m_ObjectHideFlags: 0
  m_CorrespondingSourceObject: {fileID: 0}
  m_PrefabInstance: {fileID: 0}
  m_PrefabAsset: {fileID: 0}
  serializedVersion: 6
  m_Component:
  - component: {fileID: 3986767595248506921}
  m_Layer: 0
  m_Name: Left_Ring_Finger_Joint_01a
  m_TagString: Untagged
  m_Icon: {fileID: 0}
  m_NavMeshLayer: 0
  m_StaticEditorFlags: 0
  m_IsActive: 1
--- !u!4 &3986767595248506921
Transform:
  m_ObjectHideFlags: 0
  m_CorrespondingSourceObject: {fileID: 0}
  m_PrefabInstance: {fileID: 0}
  m_PrefabAsset: {fileID: 0}
  m_GameObject: {fileID: 3986767595248600073}
  m_LocalRotation: {x: 0.010312854, y: -0.00012740763, z: 0.012352655, w: 0.99987054}
  m_LocalPosition: {x: -0.072257206, y: 0.012475326, z: -0.014861824}
  m_LocalScale: {x: 1, y: 1, z: 1}
  m_Children:
  - {fileID: 3986767595248506923}
  m_Father: {fileID: 3986767595248506907}
  m_RootOrder: 3
  m_LocalEulerAnglesHint: {x: 0, y: 0, z: 0}
--- !u!1 &3986767595248600075
GameObject:
  m_ObjectHideFlags: 0
  m_CorrespondingSourceObject: {fileID: 0}
  m_PrefabInstance: {fileID: 0}
  m_PrefabAsset: {fileID: 0}
  serializedVersion: 6
  m_Component:
  - component: {fileID: 3986767595248506923}
  m_Layer: 0
  m_Name: Left_Ring_Finger_Joint_01b
  m_TagString: Untagged
  m_Icon: {fileID: 0}
  m_NavMeshLayer: 0
  m_StaticEditorFlags: 0
  m_IsActive: 1
--- !u!4 &3986767595248506923
Transform:
  m_ObjectHideFlags: 0
  m_CorrespondingSourceObject: {fileID: 0}
  m_PrefabInstance: {fileID: 0}
  m_PrefabAsset: {fileID: 0}
  m_GameObject: {fileID: 3986767595248600075}
  m_LocalRotation: {x: 0.0007561775, y: 0.00050791446, z: 0.011838988, w: 0.99992955}
  m_LocalPosition: {x: -0.038333587, y: -2.4980017e-18, z: 4.4126392e-18}
  m_LocalScale: {x: 1, y: 1, z: 1}
  m_Children:
  - {fileID: 3986767595248506901}
  m_Father: {fileID: 3986767595248506921}
  m_RootOrder: 0
  m_LocalEulerAnglesHint: {x: 0, y: 0, z: 0}
--- !u!1 &3986767595248600077
GameObject:
  m_ObjectHideFlags: 0
  m_CorrespondingSourceObject: {fileID: 0}
  m_PrefabInstance: {fileID: 0}
  m_PrefabAsset: {fileID: 0}
  serializedVersion: 6
  m_Component:
  - component: {fileID: 3986767595248506925}
  m_Layer: 0
  m_Name: Left_Pinky_Finger_Joint_01b
  m_TagString: Untagged
  m_Icon: {fileID: 0}
  m_NavMeshLayer: 0
  m_StaticEditorFlags: 0
  m_IsActive: 1
--- !u!4 &3986767595248506925
Transform:
  m_ObjectHideFlags: 0
  m_CorrespondingSourceObject: {fileID: 0}
  m_PrefabInstance: {fileID: 0}
  m_PrefabAsset: {fileID: 0}
  m_GameObject: {fileID: 3986767595248600077}
  m_LocalRotation: {x: 0.0009738356, y: 0.00064097386, z: 0.014862133, w: 0.9998889}
  m_LocalPosition: {x: -0.030515512, y: -3.1502578e-17, z: 2.4720094e-18}
  m_LocalScale: {x: 1, y: 1, z: 1}
  m_Children:
  - {fileID: 3986767595248506927}
  m_Father: {fileID: 3986767595248506915}
  m_RootOrder: 0
  m_LocalEulerAnglesHint: {x: 0, y: 0, z: 0}
--- !u!1 &3986767595248600079
GameObject:
  m_ObjectHideFlags: 0
  m_CorrespondingSourceObject: {fileID: 0}
  m_PrefabInstance: {fileID: 0}
  m_PrefabAsset: {fileID: 0}
  serializedVersion: 6
  m_Component:
  - component: {fileID: 3986767595248506927}
  m_Layer: 0
  m_Name: Left_Pinky_Finger_Joint_01c
  m_TagString: Untagged
  m_Icon: {fileID: 0}
  m_NavMeshLayer: 0
  m_StaticEditorFlags: 0
  m_IsActive: 1
--- !u!4 &3986767595248506927
Transform:
  m_ObjectHideFlags: 0
  m_CorrespondingSourceObject: {fileID: 0}
  m_PrefabInstance: {fileID: 0}
  m_PrefabAsset: {fileID: 0}
  m_GameObject: {fileID: 3986767595248600079}
  m_LocalRotation: {x: -0.011272594, y: -0.00034267167, z: -0.030382684, w: 0.9994747}
  m_LocalPosition: {x: -0.017283713, y: -3.8666223e-16, z: 1.5274239e-17}
  m_LocalScale: {x: 1, y: 1, z: 1}
  m_Children: []
  m_Father: {fileID: 3986767595248506925}
  m_RootOrder: 0
  m_LocalEulerAnglesHint: {x: 0, y: 0, z: 0}
--- !u!1 &3986767595248600081
GameObject:
  m_ObjectHideFlags: 0
  m_CorrespondingSourceObject: {fileID: 0}
  m_PrefabInstance: {fileID: 0}
  m_PrefabAsset: {fileID: 0}
  serializedVersion: 6
  m_Component:
  - component: {fileID: 3986767595248506929}
  m_Layer: 0
  m_Name: Left_Ankle_Joint_01
  m_TagString: Untagged
  m_Icon: {fileID: 0}
  m_NavMeshLayer: 0
  m_StaticEditorFlags: 0
  m_IsActive: 1
--- !u!4 &3986767595248506929
Transform:
  m_ObjectHideFlags: 0
  m_CorrespondingSourceObject: {fileID: 0}
  m_PrefabInstance: {fileID: 0}
  m_PrefabAsset: {fileID: 0}
  m_GameObject: {fileID: 3986767595248600081}
  m_LocalRotation: {x: 0.86925447, y: 0.49436495, z: 3.027112e-17, w: 5.3226485e-17}
  m_LocalPosition: {x: -0.43405014, y: -8.4273525e-18, z: -8.746468e-18}
  m_LocalScale: {x: 1, y: 1, z: 1}
  m_Children:
  - {fileID: 3986767595248506911}
  m_Father: {fileID: 3986767595248506939}
  m_RootOrder: 0
  m_LocalEulerAnglesHint: {x: 0, y: 0, z: 0}
--- !u!1 &3986767595248600083
GameObject:
  m_ObjectHideFlags: 0
  m_CorrespondingSourceObject: {fileID: 0}
  m_PrefabInstance: {fileID: 0}
  m_PrefabAsset: {fileID: 0}
  serializedVersion: 6
  m_Component:
  - component: {fileID: 3986767595248506931}
  m_Layer: 0
  m_Name: Left_Forearm_Joint_01
  m_TagString: Untagged
  m_Icon: {fileID: 0}
  m_NavMeshLayer: 0
  m_StaticEditorFlags: 0
  m_IsActive: 1
--- !u!4 &3986767595248506931
Transform:
  m_ObjectHideFlags: 0
  m_CorrespondingSourceObject: {fileID: 0}
  m_PrefabInstance: {fileID: 0}
  m_PrefabAsset: {fileID: 0}
  m_GameObject: {fileID: 3986767595248600083}
  m_LocalRotation: {x: -0.05499202, y: 0.10791634, z: -0.45085245, w: 0.88434273}
  m_LocalPosition: {x: -0.2383711, y: 0.03532467, z: -0.0012605645}
  m_LocalScale: {x: 1, y: 1, z: 1}
  m_Children:
  - {fileID: 3986767595248506907}
  m_Father: {fileID: 3986767595248506905}
  m_RootOrder: 0
  m_LocalEulerAnglesHint: {x: 0, y: 0, z: 0}
--- !u!1 &3986767595248600085
GameObject:
  m_ObjectHideFlags: 0
  m_CorrespondingSourceObject: {fileID: 0}
  m_PrefabInstance: {fileID: 0}
  m_PrefabAsset: {fileID: 0}
  serializedVersion: 6
  m_Component:
  - component: {fileID: 3986767595248506933}
  m_Layer: 0
  m_Name: Head
  m_TagString: Untagged
  m_Icon: {fileID: 0}
  m_NavMeshLayer: 0
  m_StaticEditorFlags: 0
  m_IsActive: 1
--- !u!4 &3986767595248506933
Transform:
  m_ObjectHideFlags: 0
  m_CorrespondingSourceObject: {fileID: 0}
  m_PrefabInstance: {fileID: 0}
  m_PrefabAsset: {fileID: 0}
  m_GameObject: {fileID: 3986767595248600085}
  m_LocalRotation: {x: 0, y: -0, z: -0, w: 1}
  m_LocalPosition: {x: -0.079593115, y: 0, z: -2.0962138e-17}
  m_LocalScale: {x: 1, y: 1, z: 1}
  m_Children: []
  m_Father: {fileID: 3986767595248506885}
  m_RootOrder: 0
  m_LocalEulerAnglesHint: {x: 0, y: 0, z: 0}
--- !u!1 &3986767595248600087
GameObject:
  m_ObjectHideFlags: 0
  m_CorrespondingSourceObject: {fileID: 0}
  m_PrefabInstance: {fileID: 0}
  m_PrefabAsset: {fileID: 0}
  serializedVersion: 6
  m_Component:
  - component: {fileID: 3986767595248506935}
  m_Layer: 0
  m_Name: Hip
  m_TagString: Untagged
  m_Icon: {fileID: 0}
  m_NavMeshLayer: 0
  m_StaticEditorFlags: 0
  m_IsActive: 1
--- !u!4 &3986767595248506935
Transform:
  m_ObjectHideFlags: 0
  m_CorrespondingSourceObject: {fileID: 0}
  m_PrefabInstance: {fileID: 0}
  m_PrefabAsset: {fileID: 0}
  m_GameObject: {fileID: 3986767595248600087}
  m_LocalRotation: {x: 0.037740186, y: 0.9992876, z: 5.5119633e-17, w: 1.6300862e-16}
  m_LocalPosition: {x: 0.028992068, y: -0.0025938721, z: 1.22991095e-17}
  m_LocalScale: {x: 1, y: 1, z: 1}
  m_Children:
  - {fileID: 3986767595248506897}
  - {fileID: 3986767595248506977}
  m_Father: {fileID: 3986767595248506961}
  m_RootOrder: 0
  m_LocalEulerAnglesHint: {x: 0, y: 0, z: 0}
--- !u!1 &3986767595248600089
GameObject:
  m_ObjectHideFlags: 0
  m_CorrespondingSourceObject: {fileID: 0}
  m_PrefabInstance: {fileID: 0}
  m_PrefabAsset: {fileID: 0}
  serializedVersion: 6
  m_Component:
  - component: {fileID: 3986767595248506937}
  m_Layer: 0
  m_Name: Left_Index_Finger_Joint_01c
  m_TagString: Untagged
  m_Icon: {fileID: 0}
  m_NavMeshLayer: 0
  m_StaticEditorFlags: 0
  m_IsActive: 1
--- !u!4 &3986767595248506937
Transform:
  m_ObjectHideFlags: 0
  m_CorrespondingSourceObject: {fileID: 0}
  m_PrefabInstance: {fileID: 0}
  m_PrefabAsset: {fileID: 0}
  m_GameObject: {fileID: 3986767595248600089}
  m_LocalRotation: {x: -0.011016605, y: -0.0002521592, z: -0.022881629, w: 0.9996775}
  m_LocalPosition: {x: -0.02294514, y: -3.190986e-16, z: 9.775166e-18}
  m_LocalScale: {x: 1, y: 1, z: 1}
  m_Children: []
  m_Father: {fileID: 3986767595248506943}
  m_RootOrder: 0
  m_LocalEulerAnglesHint: {x: 0, y: 0, z: 0}
--- !u!1 &3986767595248600091
GameObject:
  m_ObjectHideFlags: 0
  m_CorrespondingSourceObject: {fileID: 0}
  m_PrefabInstance: {fileID: 0}
  m_PrefabAsset: {fileID: 0}
  serializedVersion: 6
  m_Component:
  - component: {fileID: 3986767595248506939}
  m_Layer: 0
  m_Name: Left_Knee_Joint_01
  m_TagString: Untagged
  m_Icon: {fileID: 0}
  m_NavMeshLayer: 0
  m_StaticEditorFlags: 0
  m_IsActive: 1
--- !u!4 &3986767595248506939
Transform:
  m_ObjectHideFlags: 0
  m_CorrespondingSourceObject: {fileID: 0}
  m_PrefabInstance: {fileID: 0}
  m_PrefabAsset: {fileID: 0}
  m_GameObject: {fileID: 3986767595248600091}
  m_LocalRotation: {x: 4.4401062e-16, y: 8.354493e-18, z: 0.018812645, w: 0.99982303}
  m_LocalPosition: {x: -0.3717338, y: -0.0019966115, z: 0.07303617}
  m_LocalScale: {x: 1, y: 1, z: 1}
  m_Children:
  - {fileID: 3986767595248506929}
  m_Father: {fileID: 3986767595248506897}
  m_RootOrder: 0
  m_LocalEulerAnglesHint: {x: 0, y: 0, z: 0}
--- !u!1 &3986767595248600093
GameObject:
  m_ObjectHideFlags: 0
  m_CorrespondingSourceObject: {fileID: 0}
  m_PrefabInstance: {fileID: 0}
  m_PrefabAsset: {fileID: 0}
  serializedVersion: 6
  m_Component:
  - component: {fileID: 3986767595248506941}
  m_Layer: 0
  m_Name: Left_Index_Finger_Joint_01a
  m_TagString: Untagged
  m_Icon: {fileID: 0}
  m_NavMeshLayer: 0
  m_StaticEditorFlags: 0
  m_IsActive: 1
--- !u!4 &3986767595248506941
Transform:
  m_ObjectHideFlags: 0
  m_CorrespondingSourceObject: {fileID: 0}
  m_PrefabInstance: {fileID: 0}
  m_PrefabAsset: {fileID: 0}
  m_GameObject: {fileID: 3986767595248600093}
  m_LocalRotation: {x: 0.010312937, y: -0.00012049041, z: 0.011682004, w: 0.9998786}
  m_LocalPosition: {x: -0.07013222, y: 0.012475326, z: 0.025505245}
  m_LocalScale: {x: 1, y: 1, z: 1}
  m_Children:
  - {fileID: 3986767595248506943}
  m_Father: {fileID: 3986767595248506907}
  m_RootOrder: 0
  m_LocalEulerAnglesHint: {x: 0, y: 0, z: 0}
--- !u!1 &3986767595248600095
GameObject:
  m_ObjectHideFlags: 0
  m_CorrespondingSourceObject: {fileID: 0}
  m_PrefabInstance: {fileID: 0}
  m_PrefabAsset: {fileID: 0}
  serializedVersion: 6
  m_Component:
  - component: {fileID: 3986767595248506943}
  m_Layer: 0
  m_Name: Left_Index_Finger_Joint_01b
  m_TagString: Untagged
  m_Icon: {fileID: 0}
  m_NavMeshLayer: 0
  m_StaticEditorFlags: 0
  m_IsActive: 1
--- !u!4 &3986767595248506943
Transform:
  m_ObjectHideFlags: 0
  m_CorrespondingSourceObject: {fileID: 0}
  m_PrefabInstance: {fileID: 0}
  m_PrefabAsset: {fileID: 0}
  m_GameObject: {fileID: 3986767595248600095}
  m_LocalRotation: {x: 0.0007113588, y: 0.0004798609, z: 0.011196686, w: 0.999937}
  m_LocalPosition: {x: -0.04053395, y: -2.3314683e-17, z: 9.922638e-19}
  m_LocalScale: {x: 1, y: 1, z: 1}
  m_Children:
  - {fileID: 3986767595248506937}
  m_Father: {fileID: 3986767595248506941}
  m_RootOrder: 0
  m_LocalEulerAnglesHint: {x: 0, y: 0, z: 0}
--- !u!1 &3986767595248600129
GameObject:
  m_ObjectHideFlags: 0
  m_CorrespondingSourceObject: {fileID: 0}
  m_PrefabInstance: {fileID: 0}
  m_PrefabAsset: {fileID: 0}
  serializedVersion: 6
  m_Component:
  - component: {fileID: 3986767595248506977}
  m_Layer: 0
  m_Name: Right_Thigh_Joint_01
  m_TagString: Untagged
  m_Icon: {fileID: 0}
  m_NavMeshLayer: 0
  m_StaticEditorFlags: 0
  m_IsActive: 1
--- !u!4 &3986767595248506977
Transform:
  m_ObjectHideFlags: 0
  m_CorrespondingSourceObject: {fileID: 0}
  m_PrefabInstance: {fileID: 0}
  m_PrefabAsset: {fileID: 0}
  m_GameObject: {fileID: 3986767595248600129}
  m_LocalRotation: {x: 0, y: 0, z: 0.9957005, w: -0.09263137}
  m_LocalPosition: {x: -0.1221335, y: 0.011331954, z: 0.0689056}
  m_LocalScale: {x: 1, y: 1, z: 1}
  m_Children:
  - {fileID: 3986767595248506891}
  m_Father: {fileID: 3986767595248506935}
  m_RootOrder: 1
  m_LocalEulerAnglesHint: {x: 0, y: 0, z: 0}
--- !u!1 &3986767595248600131
GameObject:
  m_ObjectHideFlags: 0
  m_CorrespondingSourceObject: {fileID: 0}
  m_PrefabInstance: {fileID: 0}
  m_PrefabAsset: {fileID: 0}
  serializedVersion: 6
  m_Component:
  - component: {fileID: 3986767595248506979}
  m_Layer: 0
  m_Name: Right_Thumb_Joint_01a
  m_TagString: Untagged
  m_Icon: {fileID: 0}
  m_NavMeshLayer: 0
  m_StaticEditorFlags: 0
  m_IsActive: 1
--- !u!4 &3986767595248506979
Transform:
  m_ObjectHideFlags: 0
  m_CorrespondingSourceObject: {fileID: 0}
  m_PrefabInstance: {fileID: 0}
  m_PrefabAsset: {fileID: 0}
  m_GameObject: {fileID: 3986767595248600131}
  m_LocalRotation: {x: 0.4233163, y: 0.3750433, z: -0.09540078, w: 0.8191731}
  m_LocalPosition: {x: 0.046120938, y: 0.0039559877, z: -0.04782508}
  m_LocalScale: {x: 1, y: 1, z: 1}
  m_Children:
  - {fileID: 3986767595248506989}
  m_Father: {fileID: 3986767595248506987}
  m_RootOrder: 4
  m_LocalEulerAnglesHint: {x: 0, y: 0, z: 0}
--- !u!1 &3986767595248600133
GameObject:
  m_ObjectHideFlags: 0
  m_CorrespondingSourceObject: {fileID: 0}
  m_PrefabInstance: {fileID: 0}
  m_PrefabAsset: {fileID: 0}
  serializedVersion: 6
  m_Component:
  - component: {fileID: 3986767595248506981}
  m_Layer: 0
  m_Name: Right_Ring_Finger_Joint_01c
  m_TagString: Untagged
  m_Icon: {fileID: 0}
  m_NavMeshLayer: 0
  m_StaticEditorFlags: 0
  m_IsActive: 1
--- !u!4 &3986767595248506981
Transform:
  m_ObjectHideFlags: 0
  m_CorrespondingSourceObject: {fileID: 0}
  m_PrefabInstance: {fileID: 0}
  m_PrefabAsset: {fileID: 0}
  m_GameObject: {fileID: 3986767595248600133}
  m_LocalRotation: {x: -0.011060424, y: -0.000267697, z: -0.024194574, w: 0.99964607}
  m_LocalPosition: {x: 0.02170031, y: 0.00000020217867, z: -0.00000009377064}
  m_LocalScale: {x: 1, y: 1, z: 1}
  m_Children: []
  m_Father: {fileID: 3986767595248507003}
  m_RootOrder: 0
  m_LocalEulerAnglesHint: {x: 0, y: 0, z: 0}
--- !u!1 &3986767595248600135
GameObject:
  m_ObjectHideFlags: 0
  m_CorrespondingSourceObject: {fileID: 0}
  m_PrefabInstance: {fileID: 0}
  m_PrefabAsset: {fileID: 0}
  serializedVersion: 6
  m_Component:
  - component: {fileID: 3986767595248506983}
  m_Layer: 0
  m_Name: Right_Shoulder_Joint_01
  m_TagString: Untagged
  m_Icon: {fileID: 0}
  m_NavMeshLayer: 0
  m_StaticEditorFlags: 0
  m_IsActive: 1
--- !u!4 &3986767595248506983
Transform:
  m_ObjectHideFlags: 0
  m_CorrespondingSourceObject: {fileID: 0}
  m_PrefabInstance: {fileID: 0}
  m_PrefabAsset: {fileID: 0}
  m_GameObject: {fileID: 3986767595248600135}
  m_LocalRotation: {x: 0.44783446, y: 0.41058227, z: -0.5854563, w: 0.53675634}
  m_LocalPosition: {x: -0.24796993, y: -0.01896791, z: -0.13130699}
  m_LocalScale: {x: 1, y: 1, z: 1}
  m_Children:
  - {fileID: 3986767595248506985}
  m_Father: {fileID: 3986767595248506887}
  m_RootOrder: 2
  m_LocalEulerAnglesHint: {x: 0, y: 0, z: 0}
--- !u!1 &3986767595248600137
GameObject:
  m_ObjectHideFlags: 0
  m_CorrespondingSourceObject: {fileID: 0}
  m_PrefabInstance: {fileID: 0}
  m_PrefabAsset: {fileID: 0}
  serializedVersion: 6
  m_Component:
  - component: {fileID: 3986767595248506985}
  m_Layer: 0
  m_Name: Right_Upper_Arm_Joint_01
  m_TagString: Untagged
  m_Icon: {fileID: 0}
  m_NavMeshLayer: 0
  m_StaticEditorFlags: 0
  m_IsActive: 1
--- !u!4 &3986767595248506985
Transform:
  m_ObjectHideFlags: 0
  m_CorrespondingSourceObject: {fileID: 0}
  m_PrefabInstance: {fileID: 0}
  m_PrefabAsset: {fileID: 0}
  m_GameObject: {fileID: 3986767595248600137}
  m_LocalRotation: {x: -0.0008169309, y: -0.05782889, z: 0.36165696, w: 0.93051565}
  m_LocalPosition: {x: 0.063585564, y: 2.842171e-16, z: -0.000000039259945}
  m_LocalScale: {x: 1, y: 1, z: 1}
  m_Children:
  - {fileID: 3986767595248506883}
  m_Father: {fileID: 3986767595248506983}
  m_RootOrder: 0
  m_LocalEulerAnglesHint: {x: 0, y: 0, z: 0}
--- !u!1 &3986767595248600139
GameObject:
  m_ObjectHideFlags: 0
  m_CorrespondingSourceObject: {fileID: 0}
  m_PrefabInstance: {fileID: 0}
  m_PrefabAsset: {fileID: 0}
  serializedVersion: 6
  m_Component:
  - component: {fileID: 3986767595248506987}
  m_Layer: 0
  m_Name: Right_Wrist_Joint_01
  m_TagString: Untagged
  m_Icon: {fileID: 0}
  m_NavMeshLayer: 0
  m_StaticEditorFlags: 0
  m_IsActive: 1
--- !u!4 &3986767595248506987
Transform:
  m_ObjectHideFlags: 0
  m_CorrespondingSourceObject: {fileID: 0}
  m_PrefabInstance: {fileID: 0}
  m_PrefabAsset: {fileID: 0}
  m_GameObject: {fileID: 3986767595248600139}
  m_LocalRotation: {x: -0.7059572, y: -0.015687702, z: 0.0068027773, w: 0.70804816}
  m_LocalPosition: {x: 0.30588374, y: -0.03317292, z: 0.007066546}
  m_LocalScale: {x: 1, y: 1, z: 1}
  m_Children:
  - {fileID: 3986767595248506893}
  - {fileID: 3986767595248506997}
  - {fileID: 3986767595248506995}
  - {fileID: 3986767595248507001}
  - {fileID: 3986767595248506979}
  m_Father: {fileID: 3986767595248506883}
  m_RootOrder: 0
  m_LocalEulerAnglesHint: {x: 0, y: 0, z: 0}
--- !u!1 &3986767595248600141
GameObject:
  m_ObjectHideFlags: 0
  m_CorrespondingSourceObject: {fileID: 0}
  m_PrefabInstance: {fileID: 0}
  m_PrefabAsset: {fileID: 0}
  serializedVersion: 6
  m_Component:
  - component: {fileID: 3986767595248506989}
  m_Layer: 0
  m_Name: Right_Thumb_Joint_01b
  m_TagString: Untagged
  m_Icon: {fileID: 0}
  m_NavMeshLayer: 0
  m_StaticEditorFlags: 0
  m_IsActive: 1
--- !u!4 &3986767595248506989
Transform:
  m_ObjectHideFlags: 0
  m_CorrespondingSourceObject: {fileID: 0}
  m_PrefabInstance: {fileID: 0}
  m_PrefabAsset: {fileID: 0}
  m_GameObject: {fileID: 3986767595248600141}
  m_LocalRotation: {x: 0.12274438, y: -0.08501493, z: 0.3184496, w: 0.9361069}
  m_LocalPosition: {x: 0.028778402, y: 0.0016480286, z: 0.0024040877}
  m_LocalScale: {x: 1, y: 1, z: 1}
  m_Children: []
  m_Father: {fileID: 3986767595248506979}
  m_RootOrder: 0
  m_LocalEulerAnglesHint: {x: 0, y: 0, z: 0}
--- !u!1 &3986767595248600143
GameObject:
  m_ObjectHideFlags: 0
  m_CorrespondingSourceObject: {fileID: 0}
  m_PrefabInstance: {fileID: 0}
  m_PrefabAsset: {fileID: 0}
  serializedVersion: 6
  m_Component:
  - component: {fileID: 3986767595248506991}
  m_Layer: 0
  m_Name: Right_Toe_Joint_01
  m_TagString: Untagged
  m_Icon: {fileID: 0}
  m_NavMeshLayer: 0
  m_StaticEditorFlags: 0
  m_IsActive: 1
--- !u!4 &3986767595248506991
Transform:
  m_ObjectHideFlags: 0
  m_CorrespondingSourceObject: {fileID: 0}
  m_PrefabInstance: {fileID: 0}
  m_PrefabAsset: {fileID: 0}
  m_GameObject: {fileID: 3986767595248600143}
  m_LocalRotation: {x: 0.000000012219929, y: -0.000000004148106, z: -0.3214394, w: 0.94693017}
  m_LocalPosition: {x: 0.13787201, y: 0.00000006441087, z: -3.5527136e-17}
  m_LocalScale: {x: 1, y: 1, z: 1}
  m_Children: []
  m_Father: {fileID: 3986767595248506881}
  m_RootOrder: 0
  m_LocalEulerAnglesHint: {x: 0, y: 0, z: 0}
--- !u!1 &3986767595248600145
GameObject:
  m_ObjectHideFlags: 0
  m_CorrespondingSourceObject: {fileID: 0}
  m_PrefabInstance: {fileID: 0}
  m_PrefabAsset: {fileID: 0}
  serializedVersion: 6
  m_Component:
  - component: {fileID: 3986767595248506993}
  m_Layer: 0
  m_Name: Right_Middle_Finger_Joint_01c
  m_TagString: Untagged
  m_Icon: {fileID: 0}
  m_NavMeshLayer: 0
  m_StaticEditorFlags: 0
  m_IsActive: 1
--- !u!4 &3986767595248506993
Transform:
  m_ObjectHideFlags: 0
  m_CorrespondingSourceObject: {fileID: 0}
  m_PrefabInstance: {fileID: 0}
  m_PrefabAsset: {fileID: 0}
  m_GameObject: {fileID: 3986767595248600145}
  m_LocalRotation: {x: -0.010956354, y: -0.00023076385, z: -0.021056168, w: 0.99971825}
  m_LocalPosition: {x: 0.024932733, y: -0.00000037860835, z: 0.000000067108736}
  m_LocalScale: {x: 1, y: 1, z: 1}
  m_Children: []
  m_Father: {fileID: 3986767595248506999}
  m_RootOrder: 0
  m_LocalEulerAnglesHint: {x: 0, y: 0, z: 0}
--- !u!1 &3986767595248600147
GameObject:
  m_ObjectHideFlags: 0
  m_CorrespondingSourceObject: {fileID: 0}
  m_PrefabInstance: {fileID: 0}
  m_PrefabAsset: {fileID: 0}
  serializedVersion: 6
  m_Component:
  - component: {fileID: 3986767595248506995}
  m_Layer: 0
  m_Name: Right_Pinky_Finger_Joint_01a
  m_TagString: Untagged
  m_Icon: {fileID: 0}
  m_NavMeshLayer: 0
  m_StaticEditorFlags: 0
  m_IsActive: 1
--- !u!4 &3986767595248506995
Transform:
  m_ObjectHideFlags: 0
  m_CorrespondingSourceObject: {fileID: 0}
  m_PrefabInstance: {fileID: 0}
  m_PrefabAsset: {fileID: 0}
  m_GameObject: {fileID: 3986767595248600147}
  m_LocalRotation: {x: 0.010538501, y: 0.008739322, z: 0.005554213, w: 0.99989086}
  m_LocalPosition: {x: 0.07244643, y: -0.013907843, z: 0.031932004}
  m_LocalScale: {x: 1, y: 1, z: 1}
  m_Children:
  - {fileID: 3986767595248507005}
  m_Father: {fileID: 3986767595248506987}
  m_RootOrder: 2
  m_LocalEulerAnglesHint: {x: 0, y: 0, z: 0}
--- !u!1 &3986767595248600149
GameObject:
  m_ObjectHideFlags: 0
  m_CorrespondingSourceObject: {fileID: 0}
  m_PrefabInstance: {fileID: 0}
  m_PrefabAsset: {fileID: 0}
  serializedVersion: 6
  m_Component:
  - component: {fileID: 3986767595248506997}
  m_Layer: 0
  m_Name: Right_Middle_Finger_Joint_01a
  m_TagString: Untagged
  m_Icon: {fileID: 0}
  m_NavMeshLayer: 0
  m_StaticEditorFlags: 0
  m_IsActive: 1
--- !u!4 &3986767595248506997
Transform:
  m_ObjectHideFlags: 0
  m_CorrespondingSourceObject: {fileID: 0}
  m_PrefabInstance: {fileID: 0}
  m_PrefabAsset: {fileID: 0}
  m_GameObject: {fileID: 3986767595248600149}
  m_LocalRotation: {x: 0.010496695, y: 0.008789492, z: 0.0007846789, w: 0.999906}
  m_LocalPosition: {x: 0.07144747, y: -0.013888802, z: -0.0063472134}
  m_LocalScale: {x: 1, y: 1, z: 1}
  m_Children:
  - {fileID: 3986767595248506999}
  m_Father: {fileID: 3986767595248506987}
  m_RootOrder: 1
  m_LocalEulerAnglesHint: {x: 0, y: 0, z: 0}
--- !u!1 &3986767595248600151
GameObject:
  m_ObjectHideFlags: 0
  m_CorrespondingSourceObject: {fileID: 0}
  m_PrefabInstance: {fileID: 0}
  m_PrefabAsset: {fileID: 0}
  serializedVersion: 6
  m_Component:
  - component: {fileID: 3986767595248506999}
  m_Layer: 0
  m_Name: Right_Middle_Finger_Joint_01b
  m_TagString: Untagged
  m_Icon: {fileID: 0}
  m_NavMeshLayer: 0
  m_StaticEditorFlags: 0
  m_IsActive: 1
--- !u!4 &3986767595248506999
Transform:
  m_ObjectHideFlags: 0
  m_CorrespondingSourceObject: {fileID: 0}
  m_PrefabInstance: {fileID: 0}
  m_PrefabAsset: {fileID: 0}
  m_GameObject: {fileID: 3986767595248600151}
  m_LocalRotation: {x: 0.0006498135, y: 0.00044095775, z: 0.010304517, w: 0.9999466}
  m_LocalPosition: {x: 0.044053018, y: 0.0000006337014, z: -0.000000019575731}
  m_LocalScale: {x: 1, y: 1, z: 1}
  m_Children:
  - {fileID: 3986767595248506993}
  m_Father: {fileID: 3986767595248506997}
  m_RootOrder: 0
  m_LocalEulerAnglesHint: {x: 0, y: 0, z: 0}
--- !u!1 &3986767595248600153
GameObject:
  m_ObjectHideFlags: 0
  m_CorrespondingSourceObject: {fileID: 0}
  m_PrefabInstance: {fileID: 0}
  m_PrefabAsset: {fileID: 0}
  serializedVersion: 6
  m_Component:
  - component: {fileID: 3986767595248507001}
  m_Layer: 0
  m_Name: Right_Ring_Finger_Joint_01a
  m_TagString: Untagged
  m_Icon: {fileID: 0}
  m_NavMeshLayer: 0
  m_StaticEditorFlags: 0
  m_IsActive: 1
--- !u!4 &3986767595248507001
Transform:
  m_ObjectHideFlags: 0
  m_CorrespondingSourceObject: {fileID: 0}
  m_PrefabInstance: {fileID: 0}
  m_PrefabAsset: {fileID: 0}
  m_GameObject: {fileID: 3986767595248600153}
  m_LocalRotation: {x: 0.01051078, y: 0.008772642, z: 0.0023886247, w: 0.99990344}
  m_LocalPosition: {x: 0.07225248, y: -0.0139042325, z: 0.013558211}
  m_LocalScale: {x: 1, y: 1, z: 1}
  m_Children:
  - {fileID: 3986767595248507003}
  m_Father: {fileID: 3986767595248506987}
  m_RootOrder: 3
  m_LocalEulerAnglesHint: {x: 0, y: 0, z: 0}
--- !u!1 &3986767595248600155
GameObject:
  m_ObjectHideFlags: 0
  m_CorrespondingSourceObject: {fileID: 0}
  m_PrefabInstance: {fileID: 0}
  m_PrefabAsset: {fileID: 0}
  serializedVersion: 6
  m_Component:
  - component: {fileID: 3986767595248507003}
  m_Layer: 0
  m_Name: Right_Ring_Finger_Joint_01b
  m_TagString: Untagged
  m_Icon: {fileID: 0}
  m_NavMeshLayer: 0
  m_StaticEditorFlags: 0
  m_IsActive: 1
--- !u!4 &3986767595248507003
Transform:
  m_ObjectHideFlags: 0
  m_CorrespondingSourceObject: {fileID: 0}
  m_PrefabInstance: {fileID: 0}
  m_PrefabAsset: {fileID: 0}
  m_GameObject: {fileID: 3986767595248600155}
  m_LocalRotation: {x: 0.0007561775, y: 0.00050791446, z: 0.011838988, w: 0.99992955}
  m_LocalPosition: {x: 0.03833457, y: -0.00000014894434, z: 0.000000029383655}
  m_LocalScale: {x: 1, y: 1, z: 1}
  m_Children:
  - {fileID: 3986767595248506981}
  m_Father: {fileID: 3986767595248507001}
  m_RootOrder: 0
  m_LocalEulerAnglesHint: {x: 0, y: 0, z: 0}
--- !u!1 &3986767595248600157
GameObject:
  m_ObjectHideFlags: 0
  m_CorrespondingSourceObject: {fileID: 0}
  m_PrefabInstance: {fileID: 0}
  m_PrefabAsset: {fileID: 0}
  serializedVersion: 6
  m_Component:
  - component: {fileID: 3986767595248507005}
  m_Layer: 0
  m_Name: Right_Pinky_Finger_Joint_01b
  m_TagString: Untagged
  m_Icon: {fileID: 0}
  m_NavMeshLayer: 0
  m_StaticEditorFlags: 0
  m_IsActive: 1
--- !u!4 &3986767595248507005
Transform:
  m_ObjectHideFlags: 0
  m_CorrespondingSourceObject: {fileID: 0}
  m_PrefabInstance: {fileID: 0}
  m_PrefabAsset: {fileID: 0}
  m_GameObject: {fileID: 3986767595248600157}
  m_LocalRotation: {x: 0.0009738356, y: 0.00064097386, z: 0.014862133, w: 0.9998889}
  m_LocalPosition: {x: 0.030516144, y: -0.0000000478116, z: 0.000000060660284}
  m_LocalScale: {x: 1, y: 1, z: 1}
  m_Children:
  - {fileID: 3986767595248507007}
  m_Father: {fileID: 3986767595248506995}
  m_RootOrder: 0
  m_LocalEulerAnglesHint: {x: 0, y: 0, z: 0}
--- !u!1 &3986767595248600159
GameObject:
  m_ObjectHideFlags: 0
  m_CorrespondingSourceObject: {fileID: 0}
  m_PrefabInstance: {fileID: 0}
  m_PrefabAsset: {fileID: 0}
  serializedVersion: 6
  m_Component:
  - component: {fileID: 3986767595248507007}
  m_Layer: 0
  m_Name: Right_Pinky_Finger_Joint_01c
  m_TagString: Untagged
  m_Icon: {fileID: 0}
  m_NavMeshLayer: 0
  m_StaticEditorFlags: 0
  m_IsActive: 1
--- !u!4 &3986767595248507007
Transform:
  m_ObjectHideFlags: 0
  m_CorrespondingSourceObject: {fileID: 0}
  m_PrefabInstance: {fileID: 0}
  m_PrefabAsset: {fileID: 0}
  m_GameObject: {fileID: 3986767595248600159}
  m_LocalRotation: {x: -0.011272594, y: -0.00034267167, z: -0.030382684, w: 0.9994747}
  m_LocalPosition: {x: 0.017282948, y: -0.00000019535615, z: 0.000000014650439}
  m_LocalScale: {x: 1, y: 1, z: 1}
  m_Children: []
  m_Father: {fileID: 3986767595248507005}
  m_RootOrder: 0
  m_LocalEulerAnglesHint: {x: 0, y: 0, z: 0}
--- !u!1 &3986767595248600161
GameObject:
  m_ObjectHideFlags: 0
  m_CorrespondingSourceObject: {fileID: 0}
  m_PrefabInstance: {fileID: 0}
  m_PrefabAsset: {fileID: 0}
  serializedVersion: 6
  m_Component:
  - component: {fileID: 3986767595248506881}
  m_Layer: 0
  m_Name: Right_Ankle_Joint_01
  m_TagString: Untagged
  m_Icon: {fileID: 0}
  m_NavMeshLayer: 0
  m_StaticEditorFlags: 0
  m_IsActive: 1
--- !u!4 &3986767595248506881
Transform:
  m_ObjectHideFlags: 0
  m_CorrespondingSourceObject: {fileID: 0}
  m_PrefabInstance: {fileID: 0}
  m_PrefabAsset: {fileID: 0}
  m_GameObject: {fileID: 3986767595248600161}
  m_LocalRotation: {x: 0, y: -0, z: -0.49436495, w: 0.86925447}
  m_LocalPosition: {x: 0.43404976, y: 0.00000007899868, z: -1.7763568e-17}
  m_LocalScale: {x: 1, y: 1, z: 1}
  m_Children:
  - {fileID: 3986767595248506991}
  m_Father: {fileID: 3986767595248506891}
  m_RootOrder: 0
  m_LocalEulerAnglesHint: {x: 0, y: 0, z: 0}
--- !u!1 &3986767595248600163
GameObject:
  m_ObjectHideFlags: 0
  m_CorrespondingSourceObject: {fileID: 0}
  m_PrefabInstance: {fileID: 0}
  m_PrefabAsset: {fileID: 0}
  serializedVersion: 6
  m_Component:
  - component: {fileID: 3986767595248506883}
  m_Layer: 0
  m_Name: Right_Forearm_Joint_01
  m_TagString: Untagged
  m_Icon: {fileID: 0}
  m_NavMeshLayer: 0
  m_StaticEditorFlags: 0
  m_IsActive: 1
--- !u!4 &3986767595248506883
Transform:
  m_ObjectHideFlags: 0
  m_CorrespondingSourceObject: {fileID: 0}
  m_PrefabInstance: {fileID: 0}
  m_PrefabAsset: {fileID: 0}
  m_GameObject: {fileID: 3986767595248600163}
  m_LocalRotation: {x: 0.7767065, y: 0.18686023, z: -0.025670227, w: 0.60095865}
  m_LocalPosition: {x: 0.24062023, y: 0.0051437393, z: -0.012117967}
  m_LocalScale: {x: 1, y: 1, z: 1}
  m_Children:
  - {fileID: 3986767595248506987}
  m_Father: {fileID: 3986767595248506985}
  m_RootOrder: 0
  m_LocalEulerAnglesHint: {x: 0, y: 0, z: 0}
--- !u!1 &3986767595248600165
GameObject:
  m_ObjectHideFlags: 0
  m_CorrespondingSourceObject: {fileID: 0}
  m_PrefabInstance: {fileID: 0}
  m_PrefabAsset: {fileID: 0}
  serializedVersion: 6
  m_Component:
  - component: {fileID: 3986767595248506885}
  m_Layer: 0
  m_Name: Neck
  m_TagString: Untagged
  m_Icon: {fileID: 0}
  m_NavMeshLayer: 0
  m_StaticEditorFlags: 0
  m_IsActive: 1
--- !u!4 &3986767595248506885
Transform:
  m_ObjectHideFlags: 0
  m_CorrespondingSourceObject: {fileID: 0}
  m_PrefabInstance: {fileID: 0}
  m_PrefabAsset: {fileID: 0}
  m_GameObject: {fileID: 3986767595248600165}
  m_LocalRotation: {x: 0, y: -0, z: -0.15122359, w: 0.9884996}
  m_LocalPosition: {x: -0.39539942, y: 1.2878587e-16, z: -8.9015506e-17}
  m_LocalScale: {x: 1, y: 1, z: 1}
  m_Children:
  - {fileID: 3986767595248506933}
  m_Father: {fileID: 3986767595248506887}
  m_RootOrder: 1
  m_LocalEulerAnglesHint: {x: 0, y: 0, z: 0}
--- !u!1 &3986767595248600167
GameObject:
  m_ObjectHideFlags: 0
  m_CorrespondingSourceObject: {fileID: 0}
  m_PrefabInstance: {fileID: 0}
  m_PrefabAsset: {fileID: 0}
  serializedVersion: 6
  m_Component:
  - component: {fileID: 3986767595248506887}
  m_Layer: 0
  m_Name: Ribs
  m_TagString: Untagged
  m_Icon: {fileID: 0}
  m_NavMeshLayer: 0
  m_StaticEditorFlags: 0
  m_IsActive: 1
--- !u!4 &3986767595248506887
Transform:
  m_ObjectHideFlags: 0
  m_CorrespondingSourceObject: {fileID: 0}
  m_PrefabInstance: {fileID: 0}
  m_PrefabAsset: {fileID: 0}
  m_GameObject: {fileID: 3986767595248600167}
  m_LocalRotation: {x: 0, y: -0, z: -0.009375348, w: 0.9999561}
  m_LocalPosition: {x: -0.08024527, y: 0.00062167255, z: -9.82317e-18}
  m_LocalScale: {x: 1, y: 1, z: 1}
  m_Children:
  - {fileID: 3986767595248506903}
  - {fileID: 3986767595248506885}
  - {fileID: 3986767595248506983}
  m_Father: {fileID: 3986767595248506961}
  m_RootOrder: 1
  m_LocalEulerAnglesHint: {x: 0, y: 0, z: 0}
--- !u!1 &3986767595248600169
GameObject:
  m_ObjectHideFlags: 0
  m_CorrespondingSourceObject: {fileID: 0}
  m_PrefabInstance: {fileID: 0}
  m_PrefabAsset: {fileID: 0}
  serializedVersion: 6
  m_Component:
  - component: {fileID: 3986767595248506889}
  m_Layer: 0
  m_Name: Right_Index_Finger_Joint_01c
  m_TagString: Untagged
  m_Icon: {fileID: 0}
  m_NavMeshLayer: 0
  m_StaticEditorFlags: 0
  m_IsActive: 1
--- !u!4 &3986767595248506889
Transform:
  m_ObjectHideFlags: 0
  m_CorrespondingSourceObject: {fileID: 0}
  m_PrefabInstance: {fileID: 0}
  m_PrefabAsset: {fileID: 0}
  m_GameObject: {fileID: 3986767595248600169}
  m_LocalRotation: {x: -0.011016605, y: -0.0002521592, z: -0.022881629, w: 0.9996775}
  m_LocalPosition: {x: 0.022944802, y: -0.00000007977574, z: -0.00000007166869}
  m_LocalScale: {x: 1, y: 1, z: 1}
  m_Children: []
  m_Father: {fileID: 3986767595248506895}
  m_RootOrder: 0
  m_LocalEulerAnglesHint: {x: 0, y: 0, z: 0}
--- !u!1 &3986767595248600171
GameObject:
  m_ObjectHideFlags: 0
  m_CorrespondingSourceObject: {fileID: 0}
  m_PrefabInstance: {fileID: 0}
  m_PrefabAsset: {fileID: 0}
  serializedVersion: 6
  m_Component:
  - component: {fileID: 3986767595248506891}
  m_Layer: 0
  m_Name: Right_Knee_Joint_01
  m_TagString: Untagged
  m_Icon: {fileID: 0}
  m_NavMeshLayer: 0
  m_StaticEditorFlags: 0
  m_IsActive: 1
--- !u!4 &3986767595248506891
Transform:
  m_ObjectHideFlags: 0
  m_CorrespondingSourceObject: {fileID: 0}
  m_PrefabInstance: {fileID: 0}
  m_PrefabAsset: {fileID: 0}
  m_GameObject: {fileID: 3986767595248600171}
  m_LocalRotation: {x: 0, y: -0, z: -0.018812645, w: 0.99982303}
  m_LocalPosition: {x: 0.3717341, y: -0.001996706, z: 0.073036395}
  m_LocalScale: {x: 1, y: 1, z: 1}
  m_Children:
  - {fileID: 3986767595248506881}
  m_Father: {fileID: 3986767595248506977}
  m_RootOrder: 0
  m_LocalEulerAnglesHint: {x: 0, y: 0, z: 0}
--- !u!1 &3986767595248600173
GameObject:
  m_ObjectHideFlags: 0
  m_CorrespondingSourceObject: {fileID: 0}
  m_PrefabInstance: {fileID: 0}
  m_PrefabAsset: {fileID: 0}
  serializedVersion: 6
  m_Component:
  - component: {fileID: 3986767595248506893}
  m_Layer: 0
  m_Name: Right_Index_Finger_Joint_01a
  m_TagString: Untagged
  m_Icon: {fileID: 0}
  m_NavMeshLayer: 0
  m_StaticEditorFlags: 0
  m_IsActive: 1
--- !u!4 &3986767595248506893
Transform:
  m_ObjectHideFlags: 0
  m_CorrespondingSourceObject: {fileID: 0}
  m_PrefabInstance: {fileID: 0}
  m_PrefabAsset: {fileID: 0}
  m_GameObject: {fileID: 3986767595248600173}
  m_LocalRotation: {x: 0.010504893, y: 0.00877969, z: 0.0017179537, w: 0.9999048}
  m_LocalPosition: {x: 0.06940201, y: -0.013847475, z: -0.026764035}
  m_LocalScale: {x: 1, y: 1, z: 1}
  m_Children:
  - {fileID: 3986767595248506895}
  m_Father: {fileID: 3986767595248506987}
  m_RootOrder: 0
  m_LocalEulerAnglesHint: {x: 0, y: 0, z: 0}
--- !u!1 &3986767595248600175
GameObject:
  m_ObjectHideFlags: 0
  m_CorrespondingSourceObject: {fileID: 0}
  m_PrefabInstance: {fileID: 0}
  m_PrefabAsset: {fileID: 0}
  serializedVersion: 6
  m_Component:
  - component: {fileID: 3986767595248506895}
  m_Layer: 0
  m_Name: Right_Index_Finger_Joint_01b
  m_TagString: Untagged
  m_Icon: {fileID: 0}
  m_NavMeshLayer: 0
  m_StaticEditorFlags: 0
  m_IsActive: 1
--- !u!4 &3986767595248506895
Transform:
  m_ObjectHideFlags: 0
  m_CorrespondingSourceObject: {fileID: 0}
  m_PrefabInstance: {fileID: 0}
  m_PrefabAsset: {fileID: 0}
  m_GameObject: {fileID: 3986767595248600175}
  m_LocalRotation: {x: 0.0007113588, y: 0.0004798609, z: 0.011196686, w: 0.999937}
  m_LocalPosition: {x: 0.04053422, y: -0.0000009354332, z: 0.000000022560922}
  m_LocalScale: {x: 1, y: 1, z: 1}
  m_Children:
  - {fileID: 3986767595248506889}
  m_Father: {fileID: 3986767595248506893}
  m_RootOrder: 0
  m_LocalEulerAnglesHint: {x: 0, y: 0, z: 0}
--- !u!1 &3986767595248600177
GameObject:
  m_ObjectHideFlags: 0
  m_CorrespondingSourceObject: {fileID: 0}
  m_PrefabInstance: {fileID: 0}
  m_PrefabAsset: {fileID: 0}
  serializedVersion: 6
  m_Component:
  - component: {fileID: 3986767595248506897}
  m_Layer: 0
  m_Name: Left_Thigh_Joint_01
  m_TagString: Untagged
  m_Icon: {fileID: 0}
  m_NavMeshLayer: 0
  m_StaticEditorFlags: 0
  m_IsActive: 1
--- !u!4 &3986767595248506897
Transform:
  m_ObjectHideFlags: 0
  m_CorrespondingSourceObject: {fileID: 0}
  m_PrefabInstance: {fileID: 0}
  m_PrefabAsset: {fileID: 0}
  m_GameObject: {fileID: 3986767595248600177}
  m_LocalRotation: {x: 0.9957005, y: 0.09263137, z: 6.7376925e-17, w: 7.2423885e-16}
  m_LocalPosition: {x: -0.12213361, y: 0.011331997, z: -0.068905555}
  m_LocalScale: {x: 1, y: 1, z: 1}
  m_Children:
  - {fileID: 3986767595248506939}
  m_Father: {fileID: 3986767595248506935}
  m_RootOrder: 0
  m_LocalEulerAnglesHint: {x: 0, y: 0, z: 0}
--- !u!1 &3986767595248600179
GameObject:
  m_ObjectHideFlags: 0
  m_CorrespondingSourceObject: {fileID: 0}
  m_PrefabInstance: {fileID: 0}
  m_PrefabAsset: {fileID: 0}
  serializedVersion: 6
  m_Component:
  - component: {fileID: 3986767595248506899}
  m_Layer: 0
  m_Name: Left_Thumb_Joint_01a
  m_TagString: Untagged
  m_Icon: {fileID: 0}
  m_NavMeshLayer: 0
  m_StaticEditorFlags: 0
  m_IsActive: 1
--- !u!4 &3986767595248506899
Transform:
  m_ObjectHideFlags: 0
  m_CorrespondingSourceObject: {fileID: 0}
  m_PrefabInstance: {fileID: 0}
  m_PrefabAsset: {fileID: 0}
  m_GameObject: {fileID: 3986767595248600179}
  m_LocalRotation: {x: 0.42036253, y: 0.37180415, z: -0.08352769, w: 0.8234563}
  m_LocalPosition: {x: -0.046887316, y: -0.004865311, z: 0.046988335}
  m_LocalScale: {x: 1, y: 1, z: 1}
  m_Children:
  - {fileID: 3986767595248506909}
  m_Father: {fileID: 3986767595248506907}
  m_RootOrder: 4
  m_LocalEulerAnglesHint: {x: 0, y: 0, z: 0}
--- !u!1 &3986767595248600181
GameObject:
  m_ObjectHideFlags: 0
  m_CorrespondingSourceObject: {fileID: 0}
  m_PrefabInstance: {fileID: 0}
  m_PrefabAsset: {fileID: 0}
  serializedVersion: 6
  m_Component:
  - component: {fileID: 3986767595248506901}
  m_Layer: 0
  m_Name: Left_Ring_Finger_Joint_01c
  m_TagString: Untagged
  m_Icon: {fileID: 0}
  m_NavMeshLayer: 0
  m_StaticEditorFlags: 0
  m_IsActive: 1
--- !u!4 &3986767595248506901
Transform:
  m_ObjectHideFlags: 0
  m_CorrespondingSourceObject: {fileID: 0}
  m_PrefabInstance: {fileID: 0}
  m_PrefabAsset: {fileID: 0}
  m_GameObject: {fileID: 3986767595248600181}
  m_LocalRotation: {x: -0.011060424, y: -0.000267697, z: -0.024194574, w: 0.99964607}
  m_LocalPosition: {x: -0.021700656, y: -6.477451e-17, z: 8.274631e-18}
  m_LocalScale: {x: 1, y: 1, z: 1}
  m_Children: []
  m_Father: {fileID: 3986767595248506923}
  m_RootOrder: 0
  m_LocalEulerAnglesHint: {x: 0, y: 0, z: 0}
--- !u!1 &3986767595248600183
GameObject:
  m_ObjectHideFlags: 0
  m_CorrespondingSourceObject: {fileID: 0}
  m_PrefabInstance: {fileID: 0}
  m_PrefabAsset: {fileID: 0}
  serializedVersion: 6
  m_Component:
  - component: {fileID: 3986767595248506903}
  m_Layer: 0
  m_Name: Left_Shoulder_Joint_01
  m_TagString: Untagged
  m_Icon: {fileID: 0}
  m_NavMeshLayer: 0
  m_StaticEditorFlags: 0
  m_IsActive: 1
--- !u!4 &3986767595248506903
Transform:
  m_ObjectHideFlags: 0
  m_CorrespondingSourceObject: {fileID: 0}
  m_PrefabInstance: {fileID: 0}
  m_PrefabAsset: {fileID: 0}
  m_GameObject: {fileID: 3986767595248600183}
  m_LocalRotation: {x: -0.41058227, y: 0.44783446, z: 0.53675634, w: 0.5854563}
  m_LocalPosition: {x: -0.24796544, y: -0.018968333, z: 0.13130726}
  m_LocalScale: {x: 1, y: 1, z: 1}
  m_Children:
  - {fileID: 3986767595248506905}
  m_Father: {fileID: 3986767595248506887}
  m_RootOrder: 0
  m_LocalEulerAnglesHint: {x: 0, y: 0, z: 0}
--- !u!1 &3986767595248600185
GameObject:
  m_ObjectHideFlags: 0
  m_CorrespondingSourceObject: {fileID: 0}
  m_PrefabInstance: {fileID: 0}
  m_PrefabAsset: {fileID: 0}
  serializedVersion: 6
  m_Component:
  - component: {fileID: 3986767595248506905}
  m_Layer: 0
  m_Name: Left_Upper_Arm_Joint_01
  m_TagString: Untagged
  m_Icon: {fileID: 0}
  m_NavMeshLayer: 0
  m_StaticEditorFlags: 0
  m_IsActive: 1
--- !u!4 &3986767595248506905
Transform:
  m_ObjectHideFlags: 0
  m_CorrespondingSourceObject: {fileID: 0}
  m_PrefabInstance: {fileID: 0}
  m_PrefabAsset: {fileID: 0}
  m_GameObject: {fileID: 3986767595248600185}
  m_LocalRotation: {x: 0.114033155, y: 0.00978106, z: 0.4396459, w: 0.89084923}
  m_LocalPosition: {x: -0.06358527, y: 0, z: -3.1086245e-17}
  m_LocalScale: {x: 1, y: 1, z: 1}
  m_Children:
  - {fileID: 3986767595248506931}
  m_Father: {fileID: 3986767595248506903}
  m_RootOrder: 0
  m_LocalEulerAnglesHint: {x: 0, y: 0, z: 0}
--- !u!1 &3986767595248600187
GameObject:
  m_ObjectHideFlags: 0
  m_CorrespondingSourceObject: {fileID: 0}
  m_PrefabInstance: {fileID: 0}
  m_PrefabAsset: {fileID: 0}
  serializedVersion: 6
  m_Component:
  - component: {fileID: 3986767595248506907}
  m_Layer: 0
  m_Name: Left_Wrist_Joint_01
  m_TagString: Untagged
  m_Icon: {fileID: 0}
  m_NavMeshLayer: 0
  m_StaticEditorFlags: 0
  m_IsActive: 1
--- !u!4 &3986767595248506907
Transform:
  m_ObjectHideFlags: 0
  m_CorrespondingSourceObject: {fileID: 0}
  m_PrefabInstance: {fileID: 0}
  m_PrefabAsset: {fileID: 0}
  m_GameObject: {fileID: 3986767595248600187}
  m_LocalRotation: {x: -0.0034134407, y: 0.0066458187, z: 0.45418105, w: 0.89087814}
  m_LocalPosition: {x: -0.17692582, y: -0.24830171, z: 0.04193508}
  m_LocalScale: {x: 1, y: 1, z: 1}
  m_Children:
  - {fileID: 3986767595248506941}
  - {fileID: 3986767595248506917}
  - {fileID: 3986767595248506915}
  - {fileID: 3986767595248506921}
  - {fileID: 3986767595248506899}
  m_Father: {fileID: 3986767595248506931}
  m_RootOrder: 0
  m_LocalEulerAnglesHint: {x: 0, y: 0, z: 0}
--- !u!1 &3986767595248600189
GameObject:
  m_ObjectHideFlags: 0
  m_CorrespondingSourceObject: {fileID: 0}
  m_PrefabInstance: {fileID: 0}
  m_PrefabAsset: {fileID: 0}
  serializedVersion: 6
  m_Component:
  - component: {fileID: 3986767595248506909}
  m_Layer: 0
  m_Name: Left_Thumb_Joint_01b
  m_TagString: Untagged
  m_Icon: {fileID: 0}
  m_NavMeshLayer: 0
  m_StaticEditorFlags: 0
  m_IsActive: 1
--- !u!4 &3986767595248506909
Transform:
  m_ObjectHideFlags: 0
  m_CorrespondingSourceObject: {fileID: 0}
  m_PrefabInstance: {fileID: 0}
  m_PrefabAsset: {fileID: 0}
  m_GameObject: {fileID: 3986767595248600189}
  m_LocalRotation: {x: -0.42036253, y: -0.37180415, z: 0.08352769, w: 0.8234563}
  m_LocalPosition: {x: -0.028778248, y: -0.0016480584, z: -0.002403863}
  m_LocalScale: {x: 1, y: 1, z: 1}
  m_Children: []
  m_Father: {fileID: 3986767595248506899}
  m_RootOrder: 0
  m_LocalEulerAnglesHint: {x: 0, y: 0, z: 0}
--- !u!1 &3986767595248600191
GameObject:
  m_ObjectHideFlags: 0
  m_CorrespondingSourceObject: {fileID: 0}
  m_PrefabInstance: {fileID: 0}
  m_PrefabAsset: {fileID: 0}
  serializedVersion: 6
  m_Component:
  - component: {fileID: 3986767595248506911}
  m_Layer: 0
  m_Name: Left_Toe_Joint_01
  m_TagString: Untagged
  m_Icon: {fileID: 0}
  m_NavMeshLayer: 0
  m_StaticEditorFlags: 0
  m_IsActive: 1
--- !u!4 &3986767595248506911
Transform:
  m_ObjectHideFlags: 0
  m_CorrespondingSourceObject: {fileID: 0}
  m_PrefabInstance: {fileID: 0}
  m_PrefabAsset: {fileID: 0}
  m_GameObject: {fileID: 3986767595248600191}
  m_LocalRotation: {x: -0.22729197, y: -0.66958076, z: -0.22729197, w: 0.66958076}
  m_LocalPosition: {x: -0.13787192, y: -2.6645352e-17, z: 3.5527136e-17}
  m_LocalScale: {x: 1, y: 1, z: 1}
  m_Children: []
  m_Father: {fileID: 3986767595248506929}
  m_RootOrder: 0
  m_LocalEulerAnglesHint: {x: 0, y: 0, z: 0}
--- !u!1 &3986767595248600497
GameObject:
  m_ObjectHideFlags: 0
  m_CorrespondingSourceObject: {fileID: 0}
  m_PrefabInstance: {fileID: 0}
  m_PrefabAsset: {fileID: 0}
  serializedVersion: 6
  m_Component:
  - component: {fileID: 3986767595248506961}
  m_Layer: 0
  m_Name: Root
  m_TagString: Untagged
  m_Icon: {fileID: 0}
  m_NavMeshLayer: 0
  m_StaticEditorFlags: 0
  m_IsActive: 1
--- !u!4 &3986767595248506961
Transform:
  m_ObjectHideFlags: 0
  m_CorrespondingSourceObject: {fileID: 0}
  m_PrefabInstance: {fileID: 0}
  m_PrefabAsset: {fileID: 0}
  m_GameObject: {fileID: 3986767595248600497}
  m_LocalRotation: {x: 0.47294456, y: -0.52566475, z: -0.47294456, w: 0.52566475}
  m_LocalPosition: {x: -2.1878564e-33, y: 1.0628308, z: 0.035129853}
  m_LocalScale: {x: 1, y: 1, z: 1}
  m_Children:
  - {fileID: 3986767595248506935}
  - {fileID: 3986767595248506887}
  m_Father: {fileID: 3986767595248506965}
  m_RootOrder: 1
  m_LocalEulerAnglesHint: {x: 0, y: 0, z: 0}
--- !u!1 &3986767595248600501
GameObject:
  m_ObjectHideFlags: 0
  m_CorrespondingSourceObject: {fileID: 0}
  m_PrefabInstance: {fileID: 0}
  m_PrefabAsset: {fileID: 0}
  serializedVersion: 6
  m_Component:
  - component: {fileID: 3986767595248506965}
  - component: {fileID: 3986767595239225301}
  - component: {fileID: 3986767594696806315}
  - component: {fileID: 3986767594696806308}
  - component: {fileID: 3986767594696806311}
  m_Layer: 0
  m_Name: Nice Kyle 1
  m_TagString: Untagged
  m_Icon: {fileID: 0}
  m_NavMeshLayer: 0
  m_StaticEditorFlags: 0
  m_IsActive: 1
--- !u!4 &3986767595248506965
Transform:
  m_ObjectHideFlags: 0
  m_CorrespondingSourceObject: {fileID: 0}
  m_PrefabInstance: {fileID: 0}
  m_PrefabAsset: {fileID: 0}
  m_GameObject: {fileID: 3986767595248600501}
  m_LocalRotation: {x: -0, y: -0, z: -0, w: 1}
  m_LocalPosition: {x: 0, y: 0, z: -2.53}
  m_LocalScale: {x: 1, y: 1, z: 1}
  m_Children:
  - {fileID: 3986767595248506967}
  - {fileID: 3986767595248506961}
  m_Father: {fileID: 0}
  m_RootOrder: 0
  m_LocalEulerAnglesHint: {x: 0, y: 0, z: 0}
--- !u!95 &3986767595239225301
Animator:
  serializedVersion: 3
  m_ObjectHideFlags: 0
  m_CorrespondingSourceObject: {fileID: 0}
  m_PrefabInstance: {fileID: 0}
  m_PrefabAsset: {fileID: 0}
  m_GameObject: {fileID: 3986767595248600501}
  m_Enabled: 1
  m_Avatar: {fileID: 9000000, guid: 04b1f80977c7d7044bdf1bb149f20855, type: 3}
  m_Controller: {fileID: 9100000, guid: d84331e7b99e336409c7c7cc0754149d, type: 2}
  m_CullingMode: 1
  m_UpdateMode: 0
  m_ApplyRootMotion: 1
  m_LinearVelocityBlending: 0
  m_WarningMessage: 
  m_HasTransformHierarchy: 1
  m_AllowConstantClipSamplingOptimization: 1
  m_KeepAnimatorControllerStateOnDisable: 0
--- !u!54 &3986767594696806315
Rigidbody:
  m_ObjectHideFlags: 0
  m_CorrespondingSourceObject: {fileID: 0}
  m_PrefabInstance: {fileID: 0}
  m_PrefabAsset: {fileID: 0}
  m_GameObject: {fileID: 3986767595248600501}
  serializedVersion: 2
  m_Mass: 999
  m_Drag: 0
  m_AngularDrag: 0.05
  m_UseGravity: 1
  m_IsKinematic: 0
  m_Interpolate: 0
  m_Constraints: 116
  m_CollisionDetection: 0
--- !u!65 &3986767594696806308
BoxCollider:
  m_ObjectHideFlags: 0
  m_CorrespondingSourceObject: {fileID: 0}
  m_PrefabInstance: {fileID: 0}
  m_PrefabAsset: {fileID: 0}
  m_GameObject: {fileID: 3986767595248600501}
  m_Material: {fileID: 0}
  m_IsTrigger: 0
  m_Enabled: 1
  serializedVersion: 2
  m_Size: {x: 1, y: 1.8927474, z: 1}
  m_Center: {x: 0, y: 0.9442034, z: 0}
--- !u!114 &3986767594696806311
MonoBehaviour:
  m_ObjectHideFlags: 0
  m_CorrespondingSourceObject: {fileID: 0}
  m_PrefabInstance: {fileID: 0}
  m_PrefabAsset: {fileID: 0}
  m_GameObject: {fileID: 3986767595248600501}
  m_Enabled: 0
  m_EditorHideFlags: 0
  m_Script: {fileID: 11500000, guid: 07e984a483ad60344bfe18baaf8644cd, type: 3}
  m_Name: 
  m_EditorClassIdentifier: 
  go_pool: {fileID: 0}
  pool: {fileID: 0}
  go_ballPool: {fileID: 0}
  ballPool: {fileID: 0}
  go_sameSpeedPool: {fileID: 0}
  sameSpeedPool: {fileID: 0}
  go_bigBallOnePattern: {fileID: 0}
  bigBallOnePattern: {fileID: 0}
  laserColliderPool: {fileID: 0}
  data: {fileID: 0}
  enemyTarget: {fileID: 0}
  emitterHolder: {fileID: 0}
  rotationSpeed: 1
  rotationAngleX: 30
  rotationAngleY: 0
  rotationAngleZ: 0
  bubbles: []
  bubblesIndex: 0
  bigBall: {fileID: 0}
  firstShootingCountDown: 0
  resetShootingTime: 0
  totalWaveShootingTime: 0
  rechargeTime: 0
  bubbleEmitter: []
  shootingTimeCountDown: 0
  totalWaveShootingTimeCountDown: 0
  rechargeTimeCountDown: 0
--- !u!1 &3986767595248600503
GameObject:
  m_ObjectHideFlags: 0
  m_CorrespondingSourceObject: {fileID: 0}
  m_PrefabInstance: {fileID: 0}
  m_PrefabAsset: {fileID: 0}
  serializedVersion: 6
  m_Component:
  - component: {fileID: 3986767595248506967}
  - component: {fileID: 3986767595234937109}
  m_Layer: 0
  m_Name: Robot2
  m_TagString: Untagged
  m_Icon: {fileID: 0}
  m_NavMeshLayer: 0
  m_StaticEditorFlags: 0
  m_IsActive: 1
--- !u!4 &3986767595248506967
Transform:
  m_ObjectHideFlags: 0
  m_CorrespondingSourceObject: {fileID: 0}
  m_PrefabInstance: {fileID: 0}
  m_PrefabAsset: {fileID: 0}
  m_GameObject: {fileID: 3986767595248600503}
  m_LocalRotation: {x: 0, y: -0, z: -0, w: 1}
  m_LocalPosition: {x: -0, y: 0, z: 0}
  m_LocalScale: {x: 1, y: 1, z: 1}
  m_Children: []
  m_Father: {fileID: 3986767595248506965}
  m_RootOrder: 0
  m_LocalEulerAnglesHint: {x: 0, y: 0, z: 0}
--- !u!137 &3986767595234937109
SkinnedMeshRenderer:
  m_ObjectHideFlags: 0
  m_CorrespondingSourceObject: {fileID: 0}
  m_PrefabInstance: {fileID: 0}
  m_PrefabAsset: {fileID: 0}
  m_GameObject: {fileID: 3986767595248600503}
  m_Enabled: 1
  m_CastShadows: 1
  m_ReceiveShadows: 1
  m_DynamicOccludee: 1
  m_MotionVectors: 1
  m_LightProbeUsage: 1
  m_ReflectionProbeUsage: 1
  m_RenderingLayerMask: 1
  m_RendererPriority: 0
  m_Materials:
  - {fileID: 2100000, guid: fd3ce043124f9a24f81179324c0af886, type: 2}
  m_StaticBatchInfo:
    firstSubMesh: 0
    subMeshCount: 0
  m_StaticBatchRoot: {fileID: 0}
  m_ProbeAnchor: {fileID: 0}
  m_LightProbeVolumeOverride: {fileID: 0}
  m_ScaleInLightmap: 1
  m_PreserveUVs: 0
  m_IgnoreNormalsForChartDetection: 0
  m_ImportantGI: 0
  m_StitchLightmapSeams: 0
  m_SelectedEditorRenderState: 3
  m_MinimumChartSize: 4
  m_AutoUVMaxDistance: 0.5
  m_AutoUVMaxAngle: 89
  m_LightmapParameters: {fileID: 0}
  m_SortingLayerID: 0
  m_SortingLayer: 0
  m_SortingOrder: 0
  serializedVersion: 2
  m_Quality: 0
  m_UpdateWhenOffscreen: 0
  m_SkinnedMotionVectors: 1
  m_Mesh: {fileID: 4300000, guid: 04b1f80977c7d7044bdf1bb149f20855, type: 3}
  m_Bones:
  - {fileID: 3986767595248506887}
  - {fileID: 3986767595248506885}
  - {fileID: 3986767595248506933}
  - {fileID: 3986767595248506903}
  - {fileID: 3986767595248506905}
  - {fileID: 3986767595248506931}
  - {fileID: 3986767595248506907}
  - {fileID: 3986767595248506941}
  - {fileID: 3986767595248506943}
  - {fileID: 3986767595248506937}
  - {fileID: 3986767595248506917}
  - {fileID: 3986767595248506919}
  - {fileID: 3986767595248506913}
  - {fileID: 3986767595248506921}
  - {fileID: 3986767595248506923}
  - {fileID: 3986767595248506901}
  - {fileID: 3986767595248506915}
  - {fileID: 3986767595248506925}
  - {fileID: 3986767595248506927}
  - {fileID: 3986767595248506899}
  - {fileID: 3986767595248506909}
  - {fileID: 3986767595248506983}
  - {fileID: 3986767595248506985}
  - {fileID: 3986767595248506883}
  - {fileID: 3986767595248506987}
  - {fileID: 3986767595248506893}
  - {fileID: 3986767595248506895}
  - {fileID: 3986767595248506889}
  - {fileID: 3986767595248506997}
  - {fileID: 3986767595248506999}
  - {fileID: 3986767595248506993}
  - {fileID: 3986767595248507001}
  - {fileID: 3986767595248507003}
  - {fileID: 3986767595248506981}
  - {fileID: 3986767595248506995}
  - {fileID: 3986767595248507005}
  - {fileID: 3986767595248507007}
  - {fileID: 3986767595248506979}
  - {fileID: 3986767595248506989}
  - {fileID: 3986767595248506935}
  - {fileID: 3986767595248506897}
  - {fileID: 3986767595248506939}
  - {fileID: 3986767595248506929}
  - {fileID: 3986767595248506911}
  - {fileID: 3986767595248506977}
  - {fileID: 3986767595248506891}
  - {fileID: 3986767595248506881}
  - {fileID: 3986767595248506991}
  m_BlendShapeWeights: []
  m_RootBone: {fileID: 3986767595248506887}
  m_AABB:
    m_Center: {x: 0.27024603, y: -0.041899905, z: -0.000000059604645}
    m_Extent: {x: 0.95254505, y: 0.23127724, z: 0.6514181}
  m_DirtyAABB: 0
